%! Author = brdvlami
%! Date = 30/04/2024

