@misc{proteomes_homo_sapiens,
    title = {Proteomes · Homo sapiens},
    howpublished = {\url{https://www.uniprot.org/proteomes/UP000005640}},
    note = {Geraadpleegd: 5 oktober 2023}
}

@misc{proteomes_infuenza_b,
    title = {Proteomes · Influenza B virus (B/Bangkok/141/1994)},
    howpublished = {\url{https://www.uniprot.org/proteomes/UP000119054}},
    note = {Geraadpleegd: 5 oktober 2023}
}

@misc{proteomes_human_papillomavirus,
    title = {Proteomes · Human papillomavirus},
    howpublished = {\url{https://uniprot.org/proteomes/UP000126093}},
    note = {Geraadpleegd: 5 oktober 2023}
}